<?xml version="1.0" encoding="UTF-8" ?>
<record Numero="14020835" format="InterXMarc_Complet" type="Authority">
<leader>01004c0 au22000272  45  <Pos Code="0004">01004</Pos>
<Pos Code="05" Sens="notice modifiée">c</Pos>
<Pos Code="06" Sens="notice validée par les services d&apos;autorité">0</Pos>
<Pos Code="08" Sens="notice d&apos;autorité">a</Pos>
<Pos Code="09" Sens="titre uniforme musical (TUM)">u</Pos>
<Pos Code="10">2</Pos>
<Pos Code="11">2</Pos>
<Pos Code="1216">00027</Pos>
<Pos Code="17" Sens="autres cas">2</Pos>
<Pos Code="20">4</Pos>
<Pos Code="21">5</Pos>
</leader>
<controlfield tag="001">FRBNF140208355<Pos Code="0001">FR</Pos>
<Pos Code="0204">BNF</Pos>
<Pos Code="0512">14020835</Pos>
<Pos Code="13">5</Pos>
</controlfield>
<controlfield tag="008">990322141009yyger li        1920      1921                   1   <Pos Code="0001">99</Pos>
<Pos Code="0203">03</Pos>
<Pos Code="0405">22</Pos>
<Pos Code="0607">14</Pos>
<Pos Code="0809">10</Pos>
<Pos Code="1011">09</Pos>
<Pos Code="1213" Sens="ne s&apos;applique pas">yy</Pos>
<Pos Code="1416" Sens="allemand">ger</Pos>
<Pos Code="1820" Sens="Lied">li </Pos>
<Pos Code="2831">1920</Pos>
<Pos Code="3841">1921</Pos>
<Pos Code="61" Sens="La vedette peut être liée à une notice bibliographique sauf pour l&apos;accès matière RAMEAU">1</Pos>
</controlfield>
<datafield tag="048" ind1=" " ind2=" ">
	<subfield code="a">vz01<Pos Code="0001" Sens="voix - non spécifié">vz</Pos>
<Pos Code="02">0</Pos>
<Pos Code="03">1</Pos>
</subfield>
	<subfield code="a">ka01<Pos Code="0001" Sens="clavier - piano">ka</Pos>
<Pos Code="02">0</Pos>
<Pos Code="03">1</Pos>
</subfield>
</datafield>
<datafield tag="100" ind1=" " ind2=" ">
	<subfield code="3">13896112</subfield>
	<subfield code="w"> 0  b     </subfield>
	<subfield code="a">Korngold</subfield>
	<subfield code="m">Erich Wolfgang</subfield>
	<subfield code="d">1897-1957</subfield>
</datafield>
<datafield tag="144" ind1="1" ind2=" ">
	<subfield code="w">....b.....</subfield>
	<subfield code="a">Abschiedslieder</subfield>
	<subfield code="p">Op. 14</subfield>
</datafield>
<datafield tag="302" ind1=" " ind2=" ">
	<subfield code="3">13967208</subfield>
	<subfield code="a">Korngold</subfield>
	<subfield code="m">Erich Wolfgang</subfield>
	<subfield code="d">1897-1957</subfield>
	<subfield code="t">[Sterbelied. Op. 14, no 1]</subfield>
</datafield>
<datafield tag="302" ind1=" " ind2=" ">
	<subfield code="3">13967202</subfield>
	<subfield code="a">Korngold</subfield>
	<subfield code="m">Erich Wolfgang</subfield>
	<subfield code="d">1897-1957</subfield>
	<subfield code="t">[Gefasster Abschied. Op. 14, no 4]</subfield>
</datafield>
<datafield tag="444" ind1="1" ind2=" ">
	<subfield code="w">....b.....</subfield>
	<subfield code="a">Lieder des Abschieds</subfield>
	<subfield code="p">Op. 14</subfield>
</datafield>
<datafield tag="600" ind1=" " ind2=" ">
	<subfield code="a">Comprend : &quot;Sterbelied&quot;  (poème de Christina G. Rossetti trad. par Alfred Kerr) ; &quot;Dies eine kann mein Sehnen nimmer fassen&quot; (poème de Edith Ronsperger) ; &quot;Mond, so gehst du wieder auf&quot; (poème de Ernst Lothar) ; &quot;Gefasster Abschied&quot; (poème de Ernst Lothar)</subfield>
	<subfield code="a">Dédié à Franz Schalk</subfield>
	<subfield code="a">Créé à Vienne par Maria Olszewka et le comp.</subfield>
	<subfield code="a">Il existe une version orchestrée</subfield>
</datafield>
<datafield tag="600" ind1=" " ind2=" ">
	<subfield code="a">Date de composition : 1920-1921</subfield>
</datafield>
<datafield tag="600" ind1=" " ind2=" ">
	<subfield code="a">1re exécution : 1920-11-05</subfield>
</datafield>
<datafield tag="610" ind1=" " ind2=" ">
	<subfield code="a">MGG</subfield>
	<subfield code="a">Grove 6</subfield>
	<subfield code="a">Rendezvous with Korngold [Enregistrement sonore]. DGG. 4596312</subfield>
</datafield>
<datafield tag="917" ind1=" " ind2=" ">
	<subfield code="o">OPC</subfield>
	<subfield code="a">101618600</subfield>
</datafield>
<Alter Ori="13896112">
<datafield tag="400" ind1=" " ind2=" ">
	<subfield code="w">    b     </subfield>
	<subfield code="a">Korngold</subfield>
	<subfield code="m">Erich</subfield>
	<subfield code="d">1897-1957</subfield>
</datafield>
<datafield tag="031" ind1=" " ind2=" ">
	<subfield code="a">0000000108634436</subfield>
	<subfield code="2" Sens="ISNI chargé à partir de VIAF">VIAF</subfield>
	<subfield code="d">20130731<Pos Code="0003">2013</Pos>
<Pos Code="0407" Sens="31 juillet">0731</Pos>
</subfield>
</datafield>
</Alter>
<Attr Nom="IDPerenne">ark:/12148/cb140208350</Attr>
<Attr Nom="NumSource">OPC 101618600</Attr>
<Attr Nom="Source" Sens="BnF catalogue général (depuis 1999)">A</Attr>
<Attr Nom="NumAutoriteLiee">138961121396720813967202</Attr>
<Attr Nom="DateCreation">22/03/ 1999</Attr>
<Attr Nom="ResponsableCreation">MIGV2</Attr>
<Attr Nom="StructCreation">1</Attr>
<Attr Nom="DateDerniereValidation">09/10/ 2014</Attr>
<Attr Nom="ResponsableDerniereValidation">SERRES CATHERINE</Attr>
<Attr Nom="StructPremiereValidation">1</Attr>
<Attr Nom="DatePremiereValidation">22/03/ 1999</Attr>
<Attr Nom="ResponsablePremiereValidation">MIGV2</Attr>
<Attr Nom="StructDerniereValidation">82</Attr>
<Attr Nom="NumSource">OPL 003928285</Attr>
</record>
